<record><leader>00000cas a22000007a 4500</leader><controlfield tag="001">12230857</controlfield><controlfield tag="008">850703d18811885wiuwr ne      0    0eng d</controlfield><datafield ind1=" " ind2=" " tag="010"><subfield code="a">sn 85040837 </subfield></datafield><datafield ind1=" " ind2=" " tag="040"><subfield code="a">NPV</subfield><subfield code="b">eng</subfield><subfield code="c">NPV</subfield><subfield code="d">OCLCQ</subfield></datafield><datafield ind1=" " ind2=" " tag="042"><subfield code="a">msc</subfield></datafield><datafield ind1="0" ind2="0" tag="245"><subfield code="a">Wonewoc enterprise.</subfield></datafield><datafield ind1="1" ind2="3" tag="246"><subfield code="a">Weekly enterprise</subfield></datafield><datafield ind1=" " ind2=" " tag="260"><subfield code="a">Wonewoc, Wis. :</subfield><subfield code="b">[D. Mowry],</subfield><subfield code="c">1881-1885.</subfield></datafield><datafield ind1=" " ind2=" " tag="300"><subfield code="a">5 v. :</subfield><subfield code="b">ill.</subfield></datafield><datafield ind1=" " ind2=" " tag="310"><subfield code="a">Weekly</subfield></datafield><datafield ind1="0" ind2=" " tag="362"><subfield code="a">Vol. 1, no. 1 (Oct. 5, 1881)-v. 5, no. 5 (Oct. 29, 1885).</subfield></datafield><datafield ind1=" " ind2=" " tag="500"><subfield code="a">Publisher varies.</subfield></datafield><datafield ind1=" " ind2=" " tag="525"><subfield code="a">Supplements accompany some issues.</subfield></datafield><datafield ind1=" " ind2=" " tag="752"><subfield code="a">United States</subfield><subfield code="b">Wisconsin</subfield><subfield code="c">Juneau</subfield><subfield code="d">Wonewoc.</subfield></datafield><datafield ind1="0" ind2="4" tag="785"><subfield code="t">Juneau County sun</subfield><subfield code="w">(DLC)sn 86086735</subfield><subfield code="w">(OCoLC)14514735</subfield></datafield></record>